@data{ParlEE2022,
  author = {Sylvester, Christine and Greene, Zachary and Ebing, Benedikt},
  publisher = {Harvard Dataverse},
  title = {{ParlEE plenary speeches data set: Annotated full-text of 21.6 million sentence-level plenary speeches of eight EU states}},
  year = {2022},
  version = {V2},
  doi = {10.7910/DVN/ZY3RV7},
  url = {https://doi.org/10.7910/DVN/ZY3RV7}
}